@Article{KogutMain,
title = {An introduction to lattice gauge theory and spin systems},
  author = {Kogut, John B.},
  journal = {Rev. Mod. Phys.},
  volume = {51},
  issue = {4},
  pages = {659--713},
  numpages = {0},
  year = {1979},
  month = {Oct},
  publisher = {American Physical Society},
  doi = {10.1103/RevModPhys.51.659},
  url = {https://link.aps.org/doi/10.1103/RevModPhys.51.659}
}

@Article{IsingSim,
	title = {Introduction to Monte Carlo methods for an Ising Model of a Ferromagnet},
	author  = {Jacques Kotze},
	year = {2008},
	month = {Mar},
	journal = {arXiv:0803.0217 [cond-mat.stat-mech]},
	url = {https://arxiv.org/abs/0803.0217}
}

@Book{Sachdev,
author = {Subir Sachdev},
title = {Quantum Phase Transitions},
publisher = {Cambridge University Press},
year = {2007}
}

@Book{Shankar,
  Author         = {{R. Shankar}},
  Title          = {Principles of quantum mechanics},
  Publisher      = {Plenum},
  year           = {1994}
}

@Book{Cohen,
author = {{Claude Cohen-Tannoudji} and {Bernard Diu} and {Franck Laloë}},
title = {Quantum Mechanics},
publisher = {Hermann and John Wiley and Sons},
year = {1977},
OPTvolume = {First}
}

@Article{Ising,
  Author         = {{E. Ising}},
  Title          = {Beitrag zur {T}heorie des {F}erromagnetismus},
  Journal        = {Zeitschrift f\"ur Physik},
  Volume         = {31},
  Pages          = {253-258},
  year           = {1925}
}

@Article{IsingIntro,
author = {Barry A. Cipra},
title = {An Introduction to the Ising Model},
journal = {The American Mathematical Monthly},
year = {1987},
OPTvolume = {94},
OPTnumber = {10},
OPTpages = {937-959},
OPTmonth = {December}
}

@Article{MandyMapping,
author = {Mandy Man Chu Wong},
title = {The Mapping from 2D Ising Model to Quantum Spin Chain},
year = {2005},
OPTmonth = {November}
}

@Article{TimothyMapping,
author = {Timothy H. Hsieh},
title = {From d-dimensional Quantum to d + 1-dimensional Classical Systems}
}

@Article{PhysRevD.21.2885,
  Author         = {Fradkin, Eduardo and Srednicki, Mark and Susskind,
                   Leonard},
  Title          = {Fermion representation for the ${Z}_{2}$ lattice gauge
                   theory in 2+1 dimensions},
  Journal        = {Phys. Rev. D},
  Volume         = {21},
  Pages          = {2885--2891},
  doi            = {10.1103/PhysRevD.21.2885},
  issue          = {10},
  month          = {May},
  numpages       = {0},
  publisher      = {American Physical Society},
  url            = {https://link.aps.org/doi/10.1103/PhysRevD.21.2885},
  year           = {1980}
}

@Book{FetterWalecka,
  Author         = {{A. L. Fetter} and {J. D. Walecka}},
  Title          = {Quantum {T}heory of {M}any-{P}article {S}ystems},
  Publisher      = {Dover},
  year           = {2003}
}

@Book{Baxter,
  Author         = {{R. J. Baxter}},
  Title          = {Exactly solved models in statistical mechanics},
  Publisher      = {London: Academic Press},
  year           = {1982}
}

@Book{Bosonization,
  Author         = {{Alexander O. Gogolin} and {Alexander A. Nersesyan} and {Alexei M. Tsvelik}},
  Title          = {Bosonization and {S}trongly {C}orrelated {S}ystems},
  Publisher      = {Cambridge},
  year           = {1998}
}

@Book{MAN00,
  Author         = {{Michael A. Nielsen} and {Isaac L. Chuang}},
  Title          = {Quantum {C}omputation and {Q}uantum {I}nformation},
  Publisher      = {Cambridge},
  year           = {2000}
}

@Article{doi:10.1143/PTP.127.791,
  Author         = {McCoy, Barry M. and Maillard, Jean-Marie},
  Title          = {The Importance of the Ising Model},
  Journal        = {Progress of Theoretical Physics},
  Volume         = {127},
  Number         = {5},
  Pages          = {791},
  doi            = {10.1143/PTP.127.791},
  eprint         = {/oup/backfile/content_public/journal/ptp/127/5/10.1143/ptp.127.791/2/127-5-791.pdf},
  url            = {http://dx.doi.org/10.1143/PTP.127.791},
  year           = {2012}
}

@Article{NielsenJWTransform,
author = {Michael A. Nielsen},
title = {The Fermionic canonical commutation relations and the Jordan-Wigner transform},
year = {2005},
month = {July}
}

@Book{Huang,
author = {Huang and Kerson},
title = {Statistical Mechanics},
publisher = {John Wiley and Sons},
year = {1987}
}

@Article{IsQMEquivClStoch,
author = {Hermann Grabert and Peter Hänggi and Peter Talkner},
title = {Is quantum mechanics equivalent to a classical stochastic process?},
journal = {Phs. Rev. A},
year = {1979},
OPTvolume = {19},
OPTnumber = {6},
OPTmonth = {June}
}

@book{Pain,
   title =     {The Physics of Vibrations and Waves},
   author =    {H. J. Pain},
   publisher = {Wiley},
   isbn =      {9780470012956,0470012951,047001296X,9780470012963,9780470026427,0470016957,9780470016954},
   year =      {2005},
   series =    {},
   edition =   {6},
   volume =    {},
   url =       {http://gen.lib.rus.ec/book/index.php?md5=AC06E0FF962F3662EC5743725248015A}}
   
   
@article{Peierls-1936,
doi	= {10.1017/S0305004100019174},
title	= {On Ising's model of ferromagnetism},
author	= {Peierls, R and  Born, M.},
publisher	= {Cambridge University Press},
journal	= {Mathematical Proceedings of the Cambridge Philosophical Society},
issnp	= {0305-0041},
issne	= {1469-8064},
year	= {1936},
month	= {10},
volume	= {32},
issue	= {03},
page	= {477--},
url =       {http://gen.lib.rus.ec/scimag/index.php?s=10.1017/S0305004100019174}
}


@Article{GasFran,
author = {{Gastão A. Braga} and {Francisco Fontenele Araujo Jr.}},
title = {O Limite Termodinâmico e Independência das
Condições de Contorno para o Modelo de Ising
d-Dimensional},
year = {1999}
}

@article{Kramers-1941I,
doi	= {10.1103/physrev.60.252},
title	= {Statistics of the Two-Dimensional Ferromagnet. Part I},
author	= {Kramers, H.; Wannier, G.},
publisher	= {The American Physical Society},
journal	= {Physical Review (Series I)},
issnp	= {0031-899X},
issne	= {1536-6065},
year	= {1941},
volume	= {60},
issue	= {3},
page	= {252--262},
url =       {http://gen.lib.rus.ec/scimag/index.php?s=10.1103/physrev.60.252}
}

@article{Kramers-1941II,
doi	= {10.1103/physrev.60.263},
title	= {Statistics of the Two-Dimensional Ferromagnet. Part II},
author	= {Kramers, H. A.; Wannier, G. H.},
publisher	= {The American Physical Society},
journal	= {Physical Review (Series I)},
issnp	= {0031-899X},
issne	= {1536-6065},
year	= {1941},
month	= {8},
day	= {1},
volume	= {60},
issue	= {3},
page	= {263--276},
url =       {http://gen.lib.rus.ec/scimag/index.php?s=10.1103/physrev.60.263}
}

@Book{FeynmanHibbs,
  Author         = {{R. P. Feynman} and {A. R. Hibbs}},
  Title          = {Quantum {M}echanics and {P}ath {I}ntegrals},
  Publisher      = {McGraw-Hill},
  year           = 1965
}

@book{ItzyksonDrouffe,
    resid = {18634},
    status =    {OK},
    title =      {Statistical Field Theory},
    author =      {{Claude Itzyksonand} and {Jean-Michel Drouffe}},
    size =    {3557070},
    type =   {djvu},
    isbn = {},
    edition = {},
    volume =    {1},
    md5 = {29f7b2eea35a20eb86b42f6e7952d4bb},
    url =       {}
}

@article{FradSussk,
  title = {Order and disorder in gauge systems and magnets},
  author = {Fradkin, Eduardo and Susskind, Leonard},
  journal = {Phys. Rev. D},
  volume = {17},
  issue = {10},
  pages = {2637--2658},
  numpages = {0},
  year = {1978},
  month = {May},
  publisher = {American Physical Society},
  doi = {10.1103/PhysRevD.17.2637},
  url = {https://link.aps.org/doi/10.1103/PhysRevD.17.2637}
}


@article{MajoranaTimothy,
  title = {All Majorana Models with Translation Symmetry are Supersymmetric},
  author = {Hsieh, Timothy H. and Hal\'asz, G\'abor B. and Grover, Tarun},
  journal = {Phys. Rev. Lett.},
  volume = {117},
  issue = {16},
  pages = {166802},
  numpages = {6},
  year = {2016},
  month = {Oct},
  publisher = {American Physical Society},
  doi = {10.1103/PhysRevLett.117.166802},
  url = {https://link.aps.org/doi/10.1103/PhysRevLett.117.166802}
}

@article{2DIsingSolubleProblemFermions,
        resid = {59e648e53a04465a6a41ac6c},
        volume =    {36},
        author =    {{T. D. Schultz} and {D. C. Mattis} and {E. H. Lieb}},
        subject = {},
        title =      {Two-Dimensional Ising Model as a Soluble Problem of Many Fermions},
        size =    {1597418},
        extension =    {zip},
        type =   {magazine},
        issne = {},
        year =    {1964},
        abbr =    {},
        md5 = {4b7dfbd85545ba541d3439031196d585},
        url =       {/download/sci/59e648e53a04465a6a41ac6c}
    }
    
    

 @article{KramersWannier,
        resid = {59e641233a04465a6a11963b},
        volume =    {60},
        status =    {},
        subject = {},
        author = {{H. A. Kramers,} and {G. H. Wannier}},
        title =      {Statistics of the Two-Dimensional Ferromagnet. Part I},
        size =    {1071726},
        extension =    {zip},
        type =   {magazine},
        issne = {1536-6065},
        year =    {1941},
        description =    {},
        md5 = {4606aa447b46a787e75b12427d90b32d},
        url =       {/download/sci/59e641233a04465a6a11963b}
    }

@article{FiftyYears,
    author = {{Somendra M. Bhattacharjee} and {Avinash Khare}},
    title ={Fifty Years of the Exact solution of the Two-dimensional Ising Model by Onsager},
    year = {2008},
    month = {February}
    }


@article{BruriaKaufman,
    author = {Bruria Kaufman},
    title ={Crystal Statistics II. Partition Function Evaluated by Spinor Algebra},
    year = {1949},
    month = {October},
    journal = {Physical Review},
    volume = {76},
    issue ={8},
    page ={1232--1243}
}


@article{Onsager1944,
    author = { Lars Onsager },
    title ={Crystal Statistics I A Two-Dimensional Model with and Order-Disorder Transition},
    year = {1944},
    month = {February},
    journal = {Physical Review},
    volume = {65},
    issue = {3 and 4},
    page = {117--149}
}

@article{Yang,
    author = {{C. N. Yang}},
    title = {The Spontaneous Magnetization of a Two-Dimensional Ising Model},
    year = {1952},
    month = {March},
    journal = {Physical Revier (Series I)},
    volume = {85},
    issue = {5},
    page = {808--816}
}


@article{GroenewoldThm,
doi	= {10.1016/s0031-8914(46)80059-4},
title	= {On the principles of elementary quantum mechanics},
author	= {H.J. Groenewold},
publisher	= {Elsevier Science},
journal	= {Physica},
issnp	= {0031-8914},
year	= {1946},
volume	= {12},
issue	= {7},
page	= {405--460},
url =       {http://gen.lib.rus.ec/scimag/index.php?s=10.1016/s0031-8914(46)80059-4},
}

@book{Goldstein,
   title =     {Classical mechanics},
   author =    {Herbert Goldstein and Charles P. Poole and John L. Safko},
   publisher = {Addison Wesley},
   isbn =      {9780201657029,0201657023},
   year =      {2001},
   series =    {},
   edition =   {3},
   volume =    {},
   url =       {http://gen.lib.rus.ec/book/index.php?md5=07ED7DC1A346369DEA8F9F34CAA1B165}}
   
@book{QuantumManyParticleSystems,
   title =     {Quantum many-particle systems},
   author =    {John W. Negele and Henri Orland},
   publisher = {Perseus Books},
   isbn =      {9780738200521,0738200522},
   year =      {1998},
   series =    {Advanced Book Classics},
   edition =   {},
   volume =    {},
   url =       {http://gen.lib.rus.ec/book/index.php?md5=8B9E01B0521E957427400A28B02A2C21}}

@book{Dirac,
   title =     {Principles of Quantum Mechanics, The},
   author =    {P. A. M. Dirac},
   publisher = {Oxford University Press},
   isbn =      {9780198512080,0198512082},
   year =      {1978},
   series =    {International series of monographs on physics},
   edition =   {4th Revised},
   volume =    {},
   url =       {http://gen.lib.rus.ec/book/index.php?md5=0EC18998399C1BC6E9250E18E2E49B6C}}
   
@Book{QuantumCompInf,
  Author         = {{Michael A. Nielsen} and {Isaac L. Chuang}},
  Title          = {Quantum {C}omputation and {Q}uantum {I}nformation},
  Publisher      = {Cambridge},
  year           = 2000
}

@book{ManyParticles,
   title =     {Quantum many-particle systems},
   author =    {{John W. Negele} and {Henri Orland}},
   publisher = {Perseus Books},
   isbn =      {9780738200521,0738200522},
   year =      {1998},
   series =    {Advanced Book Classics},
   edition =   {},
   volume =    {},
   url =       {http://gen.lib.rus.ec/book/index.php?md5=8B9E01B0521E957427400A28B02A2C21}}
   
@article{JordanWignerOriginal,
doi	= {10.1007/bf01331938},
title	= {Über das Paulische Äquivalenzverbot},
author	= {P. Jordan; E. Wigner},
publisher	= {Springer},
journal	= {Zeitschrift für Physik A Hadrons and Nuclei},
issnp	= {0939-7922},
issne	= {1431-5831},
year	= {1928},
volume	= {47},
issue	= {9-10},
page	= {631--651},
url =       {http://gen.lib.rus.ec/scimag/index.php?s=10.1007/bf01331938},
}

@article{Analyzing2DIsingConfFieldThy,
title ={Analyzing the two dimensional Ising model with conformal field
theory},
author = {Paolo Molignini},
year = {2013},
mounth ={March},
}

@article{BogoliubovTransform,
doi	= {10.1002/prop.19580061102},
title	= {A New Method in the Theory of Superconductivity},
author	= {{N. N. Bogoljubov} and {V. V. Tolmachov} and {D. V. Širkov}},
publisher	= {John Wiley and Sons},
journal	= {Fortschritte der Physik},
issnp	= {0015-8208},
issne	= {1521-3978},
year	= {1958},
volume	= {6},
issue	= {11-12},
page	= {605--682},
url =       {http://gen.lib.rus.ec/scimag/index.php?s=10.1002/prop.19580061102},
}


@article{DiagQuadraticHamiltonians,
title = {Theory of transformation for the diagonalization of quadratic Hamiltonians},
author = {{Ming-wen Xiao}},
year = {2009},
month = {August}
}

@article{MajoranaFermionsExperiment,
title = {Chiral Majorana edge state in a quantum anomalous Hall insulator-superconductor structure},
author = {Qing Lin He and Lei Pan and Alexander L. Stern and Edward Burks and Xiaoyu Che and Gen Yin and Jing Wang and Biao Lian and Quan Zhou and Eun Sang Choi and Koichi Murata and Xufeng Kou and Tianxiao Nie and Qiming Shao and Yabin Fan and {Shou-Cheng Zhang} and Kai Liu and Jing Xia and Kang L. Wang},
year = {2016},
month = {June},
url = {https://arxiv.org/abs/1606.05712v1}
}

@book{PhaseTransitionsModern,
   title =     {Phase transitions: a brief account with modern applications},
   author =    {Moshe Gitterman, Vivian Haim Halpern},
   publisher = {World Scientific Publishing Company},
   isbn =      {9812389032,9789812389039,9789812565532},
   year =      {2004},
   series =    {},
   edition =   {},
   volume =    {},
   url =       {http://gen.lib.rus.ec/book/index.php?md5=4E528B28E236F91BCF55F3B85EA7C622}}
   
@article{CompComplexityAndBlackHoles,
author = {{Leonard Susskind}},
title = {Computational Complexity and
Black Hole Horizons},
year = {2014},
month = {February}
}

@article{DearQubitzers,
author = {{Leonard Susskind}},
title = {Dear Qubitzers, GR=QM},
year = {2017},
month = {August}
}

@book{Schroeder,
   title =     {An introduction to thermal physics},
   author =    {{Daniel V. Schroeder}},
   publisher = {Addison Wesley},
   isbn =      {0201380277,9780201380279},
   year =      {1999},
   series =    {},
   edition =   {US ed},
   volume =    {},
   url =       {http://gen.lib.rus.ec/book/index.php?md5=FAAD46C48764B0E72A6FE070953A302B}
   }
   
@Article{JeskoSirker,
  Author         = {Jesko Sirker},
  Title          = {Entanglement measures and the quantum-to-classical mapping},
  Journal        = {Journal of Statistical Mechanics: Theory and
                   Experiment},
  Volume         = {2012},
  Number         = {12},
  Pages          = {P12012},
  url            = {http://stacks.iop.org/1742-5468/2012/i=12/a=P12012},
  year           = {2012}
}


@Book{MAN00,
  Author         = {{Michael A. Nielsen} and {Isaac L. Chuang}},
  Title          = {Quantum {C}omputation and {Q}uantum {I}nformation},
  Publisher      = {Cambridge},
  year           = 2000
}

@Article{EPR,
	Author = {Einstein, A and B Podolsky and N Rosen},
	Title = { Can Quantum-Mechanical Description of Physical Reality be Considered Complete? },
	journal = {Physical Review. 47 (10): 777–780. Bibcode:1935PhRv...47..777E. doi:10.1103/PhysRev.47.777},
	year = {1935}
}
